@article{shi2020reinforcement,
	title={A Reinforcement Learning Framework for Time-Dependent Causal Effects Evaluation in A/B Testing},
	author={Shi, Chengchun and Wang, Xiaoyu and Luo, Shikai and Song, Rui and Zhu, Hongtu and Ye, Jieping},
	journal={arXiv preprint arXiv:2002.01711},
	year={2020}
}

@article {krebs2018,
	AUTHOR = {Krebs, Johannes T. N.},
	TITLE = {A large deviation inequality for {$\beta$}-mixing time series
	and its applications to the functional kernel regression
	model},
	JOURNAL = {Statist. Probab. Lett.},
	FJOURNAL = {Statistics \& Probability Letters},
	VOLUME = {133},
	YEAR = {2018},
	PAGES = {50--58},
	ISSN = {0167-7152},
	DOI = {10.1016/j.spl.2017.09.013},
}

@article{francq2005central,
	title={A central limit theorem for mixing triangular arrays of variables whose dependence is allowed to grow with the sample size},
	author={Francq, Christian and Zako{\"\i}an, Jean-Michel},
	journal={Econometric Theory},
	volume={21},
	number={6},
	pages={1165--1171},
	year={2005},
	publisher={Cambridge University Press}
}

@article {Bradley2005,
	AUTHOR = {Bradley, Richard C.},
	TITLE = {Basic properties of strong mixing conditions. {A} survey and
	some open questions},
	NOTE = {Update of, and a supplement to, the 1986 original},
	JOURNAL = {Probab. Surv.},
	FJOURNAL = {Probability Surveys},
	VOLUME = {2},
	YEAR = {2005},
	PAGES = {107--144},
	DOI = {10.1214/154957805100000104},
}

@article{liao2019off,
	title={Off-Policy Estimation of Long-Term Average Outcomes with Applications to Mobile Health},
	author={Liao, Peng and Klasnja, Predrag and Murphy, Susan},
	journal={arXiv preprint arXiv:1912.13088},
	year={2019}
}

@article {Farah2016,
	AUTHOR = {Farahmand, Amir-massoud and Ghavamzadeh, Mohammad and
	Szepesv\'{a}ri, Csaba and Mannor, Shie},
	TITLE = {Regularized policy iteration with nonparametric function
	spaces},
	JOURNAL = {J. Mach. Learn. Res.},
	FJOURNAL = {Journal of Machine Learning Research (JMLR)},
	VOLUME = {17},
	YEAR = {2016},
	PAGES = {Paper No. 139, 66},
	ISSN = {1532-4435},
}

@incollection{nowe2012game,
	title={Game theory and multi-agent reinforcement learning},
	author={Now{\'e}, Ann and Vrancx, Peter and De Hauwere, Yann-Micha{\"e}l},
	booktitle={Reinforcement Learning},
	pages={441--470},
	year={2012},
	publisher={Springer}
}

@article {Breiman1960,
	AUTHOR = {Breiman, Leo},
	TITLE = {The strong law of large numbers for a class of {M}arkov
	chains},
	JOURNAL = {Ann. Math. Statist.},
	FJOURNAL = {Annals of Mathematical Statistics},
	VOLUME = {31},
	YEAR = {1960},
	PAGES = {801--803},
	ISSN = {0003-4851},
	DOI = {10.1214/aoms/1177705810},
}

@article {Laber2018,
	AUTHOR = {Laber, Eric B. and Meyer, Nick J. and Reich, Brian J. and
	Pacifici, Krishna and Collazo, Jaime A. and Drake, John M.},
	TITLE = {Optimal treatment allocations in space and time for on-line
	control of an emerging infectious disease},
	JOURNAL = {J. R. Stat. Soc. Ser. C. Appl. Stat.},
	FJOURNAL = {Journal of the Royal Statistical Society. Series C. Applied
	Statistics},
	VOLUME = {67},
	YEAR = {2018},
	NUMBER = {4},
	PAGES = {743--789},
	ISSN = {0035-9254},
	DOI = {10.1111/rssc.12266},
}

@article{tang2019doubly,
	title={Doubly robust bias reduction in infinite horizon off-policy estimation},
	author={Tang, Ziyang and Feng, Yihao and Li, Lihong and Zhou, Dengyong and Liu, Qiang},
	journal={arXiv preprint arXiv:1910.07186},
	year={2019}
}

@article{uehara2019minimax,
	title={Minimax Weight and Q-Function Learning for Off-Policy Evaluation},
	author={Uehara, Masatoshi and Jiang, Nan},
	journal={arXiv preprint arXiv:1910.12809},
	year={2019}
}

@article{kallus2019efficiently,
	title={Efficiently breaking the curse of horizon: Double reinforcement learning in infinite-horizon processes},
	author={Kallus, Nathan and Uehara, Masatoshi},
	journal={arXiv preprint arXiv:1909.05850},
	year={2019}
}

@article{yang2018mean,
	title={Mean field multi-agent reinforcement learning},
	author={Yang, Yaodong and Luo, Rui and Li, Minne and Zhou, Ming and Zhang, Weinan and Wang, Jun},
	journal={arXiv preprint arXiv:1802.05438},
	year={2018}
}

@article{zhang2019multi,
	title={Multi-Agent Reinforcement Learning: A Selective Overview of Theories and Algorithms},
	author={Zhang, Kaiqing and Yang, Zhuoran and Ba{\c{s}}ar, Tamer},
	journal={arXiv preprint arXiv:1911.10635},
	year={2019}
}

@inproceedings{bhattacharya2019causal,
	title={Causal Inference Under Interference And Network Uncertainty},
	author={Bhattacharya, Rohit and Malinsky, Daniel and Shpitser, Ilya},
	booktitle={Uncertainty in artificial intelligence: proceedings of the... conference. Conference on Uncertainty in Artificial Intelligence},
	volume={2019},
	year={2019},
	organization={NIH Public Access}
}

@article {Eric2012,
	AUTHOR = {Tchetgen Tchetgen, Eric J. and VanderWeele, Tyler J.},
	TITLE = {On causal inference in the presence of interference},
	JOURNAL = {Stat. Methods Med. Res.},
	FJOURNAL = {Statistical Methods in Medical Research},
	VOLUME = {21},
	YEAR = {2012},
	NUMBER = {1},
	PAGES = {55--75},
	ISSN = {0962-2802},
	DOI = {10.1177/0962280210386779},
}

@inproceedings{toulis2013estimation,
	title={Estimation of causal peer influence effects},
	author={Toulis, Panos and Kao, Edward},
	booktitle={International conference on machine learning},
	pages={1489--1497},
	year={2013}
}

@article {Athey2018,
	AUTHOR = {Athey, Susan and Eckles, Dean and Imbens, Guido W.},
	TITLE = {Exact {$p$}-values for network interference},
	JOURNAL = {J. Amer. Statist. Assoc.},
	FJOURNAL = {Journal of the American Statistical Association},
	VOLUME = {113},
	YEAR = {2018},
	NUMBER = {521},
	PAGES = {230--240},
	ISSN = {0162-1459},
	DOI = {10.1080/01621459.2016.1241178}
}

@article {Hudgens2008,
	AUTHOR = {Hudgens, Michael G. and Halloran, M. Elizabeth},
	TITLE = {Toward causal inference with interference},
	JOURNAL = {J. Amer. Statist. Assoc.},
	FJOURNAL = {Journal of the American Statistical Association},
	VOLUME = {103},
	YEAR = {2008},
	NUMBER = {482},
	PAGES = {832--842},
	ISSN = {0162-1459},
	DOI = {10.1198/016214508000000292},
}

@article{dempsey2017stratified,
	title={The stratified micro-randomized trial design: sample size considerations for testing nested causal effects of time-varying treatments},
	author={Dempsey, Walter and Liao, Peng and Kumar, Santosh and Murphy, Susan A},
	journal={arXiv preprint arXiv:1711.03587},
	year={2017}
}

@article{ning2019Bayes,
	title={Bayesian method for causal inference in spatially-correlated multivariate time series},
	author={Ning, Bo and Ghosal, Subhashis and Thomas, Jewell and others},
	journal={Bayesian Analysis},
	volume={14},
	number={1},
	pages={1--28},
	year={2019},
	publisher={International Society for Bayesian Analysis}
}

@article {rubin2005,
	AUTHOR = {Rubin, Donald B.},
	TITLE = {Causal inference using potential outcomes: design, modeling,
	decisions},
	JOURNAL = {J. Amer. Statist. Assoc.},
	FJOURNAL = {Journal of the American Statistical Association},
	VOLUME = {100},
	YEAR = {2005},
	NUMBER = {469},
	PAGES = {322--331},
	ISSN = {0162-1459},
	DOI = {10.1198/016214504000001880},
}

@article{rubin1980randomization,
	title={Randomization analysis of experimental data: The Fisher randomization test comment},
	author={Rubin, Donald B},
	journal={Journal of the American Statistical Association},
	volume={75},
	number={371},
	pages={591--593},
	year={1980},
	publisher={JSTOR}
}

@article{rubin1986comment,
	title={Comment: Which ifs have causal answers},
	author={Rubin, Donald B},
	journal={Journal of the American Statistical Association},
	volume={81},
	number={396},
	pages={961--962},
	year={1986},
	publisher={Taylor \& Francis Group}
}

@book {Sutton2018,
    AUTHOR = {Sutton, Richard S. and Barto, Andrew G.},
     TITLE = {Reinforcement learning: an introduction},
    SERIES = {Adaptive Computation and Machine Learning},
   EDITION = {Second},
 PUBLISHER = {MIT Press, Cambridge, MA},
      YEAR = {2018},
      ISBN = {978-0-262-03924-6},
}

@incollection {robins1986,
    AUTHOR = {Robins, James},
     TITLE = {A new approach to causal inference in mortality studies with a
              sustained exposure period---application to control of the
              healthy worker survivor effect},
      NOTE = {Mathematical models in medicine: diseases and epidemics, Part
              2},
   JOURNAL = {Math. Modelling},
  FJOURNAL = {Mathematical Modelling},
    VOLUME = {7},
      YEAR = {1986},
    NUMBER = {9-12},
     PAGES = {1393--1512},
      ISSN = {0270-0255},
       DOI = {10.1016/0270-0255(86)90088-6},
}

@book{jennison1999,
  title={Group sequential methods with applications to clinical trials},
  author={Jennison, Christopher and Turnbull, Bruce W},
  year={1999},
  publisher={Chapman and Hall/CRC}
}

@article {Lan1983,
    AUTHOR = {Lan, K. K. Gordon and DeMets, David L.},
     TITLE = {Discrete sequential boundaries for clinical trials},
   JOURNAL = {Biometrika},
  FJOURNAL = {Biometrika},
    VOLUME = {70},
      YEAR = {1983},
    NUMBER = {3},
     PAGES = {659--663},
      ISSN = {0006-3444},
       DOI = {10.2307/2336502}
}

@article{viviano2019synthetic,
  title={Synthetic learner: model-free inference on treatments over time},
  author={Viviano, Davide and Bradic, Jelena},
  journal={arXiv preprint arXiv:1904.01490},
  year={2019}
}

@article{rambachan2019,
  title={A nonparametric dynamic causal model for macroeconometrics},
  author={Rambachan, Ashesh and Shephard, Neil},
  journal={Available at SSRN 3345325},
  year={2019}
}

@article {Ning2019,
    AUTHOR = {Ning, Bo and Ghosal, Subhashis and Thomas, Jewell},
     TITLE = {Bayesian method for causal inference in spatially-correlated
              multivariate time series},
   JOURNAL = {Bayesian Anal.},
  FJOURNAL = {Bayesian Analysis},
    VOLUME = {14},
      YEAR = {2019},
    NUMBER = {1},
     PAGES = {1--28},
      ISSN = {1936-0975},
      DOI = {10.1214/18-BA1102},
}

@article {Murphy2018,
    AUTHOR = {Boruvka, Audrey and Almirall, Daniel and Witkiewitz, Katie and
              Murphy, Susan A.},
     TITLE = {Assessing time-varying causal effect moderation in mobile
              health},
   JOURNAL = {J. Amer. Statist. Assoc.},
  FJOURNAL = {Journal of the American Statistical Association},
    VOLUME = {113},
      YEAR = {2018},
    NUMBER = {523},
     PAGES = {1112--1121},
      ISSN = {0162-1459},
       DOI = {10.1080/01621459.2017.1305274},
}

@article {Bojinov2019,
	AUTHOR = {Bojinov, Iavor and Shephard, Neil},
	TITLE = {Time series experiments and causal estimands: exact
	randomization tests and trading},
	JOURNAL = {J. Amer. Statist. Assoc.},
	FJOURNAL = {Journal of the American Statistical Association},
	VOLUME = {114},
	YEAR = {2019},
	NUMBER = {528},
	PAGES = {1665--1682},
	ISSN = {0162-1459},
	DOI = {10.1080/01621459.2018.1527225}
}

@inproceedings{thomas2016data,
  title={Data-efficient off-policy policy evaluation for reinforcement learning},
  author={Thomas, Philip and Brunskill, Emma},
  booktitle={International Conference on Machine Learning},
  pages={2139--2148},
  year={2016}
}

@article{sutton2008,
  title={A convergent O(n) algorithm for off-policy temporal-difference learning with linear function approximation},
  author={Sutton, Richard S and Szepesv{\'a}ri, Csaba and Maei, Hamid Reza},
  journal={Advances in neural information processing systems},
  volume={21},
  number={21},
  pages={1609--1616},
  year={2008},
  publisher={MIT Press}
}

@inproceedings{precup2001off,
  title={Off-policy temporal-difference learning with function approximation},
  author={Precup, Doina and Sutton, Richard S and Dasgupta, Sanjoy},
  booktitle={ICML},
  pages={417--424},
  year={2001}
}

@inproceedings{farajtabar2018,
  title={More robust doubly robust off-policy evaluation},
  author={Farajtabar, Mehrdad and Chow, Yinlam and Ghavamzadeh, Mohammad},
  booktitle={International Conference on Machine Learning},
  year={2018}
}

@inproceedings{liu2018,
  title={Breaking the curse of horizon: Infinite-horizon off-policy estimation},
  author={Liu, Qiang and Li, Lihong and Tang, Ziyang and Zhou, Dengyong},
  booktitle={Advances in Neural Information Processing Systems},
  pages={5356--5366},
  year={2018}
}

@inproceedings{jiang2016,
  title={Doubly Robust Off-policy Value Evaluation for Reinforcement Learning},
  author={Jiang, Nan and Li, Lihong},
  booktitle={International Conference on Machine Learning},
  pages={652--661},
  year={2016}
}

@inproceedings{thomas2015,
  title={High-confidence off-policy evaluation},
  author={Thomas, Philip S and Theocharous, Georgios and Ghavamzadeh, Mohammad},
  booktitle={Twenty-Ninth AAAI Conference on Artificial Intelligence},
  year={2015}
}

@book {Puterman1994,
    AUTHOR = {Puterman, Martin L.},
     TITLE = {Markov decision processes: discrete stochastic dynamic
              programming},
    SERIES = {Wiley Series in Probability and Mathematical Statistics:
              Applied Probability and Statistics},
      NOTE = {A Wiley-Interscience Publication},
 PUBLISHER = {John Wiley \& Sons, Inc., New York},
      YEAR = {1994},
     PAGES = {xx+649},
      ISBN = {0-471-61977-9}
}

@inproceedings{ju2019,
  title={A Sequential Test for Selecting the Better Variant: Online A/B testing, Adaptive Allocation, and Continuous Monitoring},
  author={Ju, Nianqiao and Hu, Diane and Henderson, Adam and Hong, Liangjie},
  booktitle={Proceedings of the Twelfth ACM International Conference on Web Search and Data Mining},
  pages={492--500},
  year={2019},
  organization={ACM}
}

@inproceedings{abhishek2017,
  title={A nonparametric sequential test for online randomized experiments},
  author={Abhishek, Vineet and Mannor, Shie},
  booktitle={Proceedings of the 26th International Conference on World Wide Web Companion},
  pages={610--616},
  year={2017},
  organization={International World Wide Web Conferences Steering Committee}
}

@inproceedings{kharitonov2015,
  title={Sequential testing for early stopping of online experiments},
  author={Kharitonov, Eugene and Vorobev, Aleksandr and Macdonald, Craig and Serdyukov, Pavel and Ounis, Iadh},
  booktitle={Proceedings of the 38th International ACM SIGIR Conference on Research and Development in Information Retrieval},
  pages={473--482},
  year={2015},
  organization={ACM}
}

@article{johari2015,
  title={Always valid inference: Bringing sequential analysis to A/B testing},
  author={Johari, Ramesh and Pekelis, Leo and Walsh, David J},
  journal={arXiv preprint arXiv:1512.04922},
  year={2015}
}

@inproceedings{johari2017,
  title={Peeking at a/b tests: Why it matters, and what to do about it},
  author={Johari, Ramesh and Koomen, Pete and Pekelis, Leonid and Walsh, David},
  booktitle={Proceedings of the 23rd ACM SIGKDD International Conference on Knowledge Discovery and Data Mining},
  pages={1517--1525},
  year={2017},
  organization={ACM}
}

@article {Rabta2018,
    AUTHOR = {Rabta, B. and A\"{\i}ssani, D.},
     TITLE = {Perturbation bounds for {M}arkov chains with general state
              space},
   JOURNAL = {J. Math. Sci. (N.Y.)},
  FJOURNAL = {Journal of Mathematical Sciences (New York)},
    VOLUME = {228},
      YEAR = {2018},
    NUMBER = {5},
     PAGES = {510--521},
      ISSN = {1072-3374},
      DOI = {10.1007/s10958-017-3640-9}
}

@article{shi2020,
    title={Statistical Inference of the Value Function for Reinforcement Learning in Infinite Horizon Settings},
    author={Shi, Chengchun and Zhang, Sheng and Lu, Wenbin and Rong, Rui},
    year={2020},
    journal={arXiv preprint arXiv:2001.04515},
}

@article {McLeish1974,
    AUTHOR = {McLeish, D. L.},
     TITLE = {Dependent central limit theorems and invariance principles},
   JOURNAL = {Ann. Probability},
  FJOURNAL = {The Annals of Probability},
    VOLUME = {2},
      YEAR = {1974},
     PAGES = {620--628},
      ISSN = {0091-1798},
       DOI = {10.1214/aop/1176996608},
}

@article {Mengersen1996,
    AUTHOR = {Mengersen, K. L. and Tweedie, R. L.},
     TITLE = {Rates of convergence of the {H}astings and {M}etropolis
              algorithms},
   JOURNAL = {Ann. Statist.},
  FJOURNAL = {The Annals of Statistics},
    VOLUME = {24},
      YEAR = {1996},
    NUMBER = {1},
     PAGES = {101--121},
      ISSN = {0090-5364},
       DOI = {10.1214/aos/1033066201},
}

@article{bhandari2018,
  title={A finite time analysis of temporal difference learning with linear function approximation},
  author={Bhandari, Jalaj and Russo, Daniel and Singal, Raghav},
  journal={arXiv preprint arXiv:1806.02450},
  year={2018}
}

@inproceedings{zou2019,
  title={Finite-sample analysis for SARSA with linear function approximation},
  author={Zou, Shaofeng and Xu, Tengyu and Liang, Yingbin},
  booktitle={Advances in Neural Information Processing Systems},
  pages={8665--8675},
  year={2019}
}

@article {Burman1989,
    AUTHOR = {Burman, Prabir and Chen, Keh-Wei},
     TITLE = {Nonparametric estimation of a regression function},
   JOURNAL = {Ann. Statist.},
  FJOURNAL = {The Annals of Statistics},
    VOLUME = {17},
      YEAR = {1989},
    NUMBER = {4},
     PAGES = {1567--1596},
      ISSN = {0090-5364},
       DOI = {10.1214/aos/1176347382}
}

@article {Stone1982,
    AUTHOR = {Stone, Charles J.},
     TITLE = {Optimal global rates of convergence for nonparametric
              regression},
   JOURNAL = {Ann. Statist.},
  FJOURNAL = {The Annals of Statistics},
    VOLUME = {10},
      YEAR = {1982},
    NUMBER = {4},
     PAGES = {1040--1053},
      ISSN = {0090-5364}
}

@article {Murphy2003,
    AUTHOR = {Murphy, S. A.},
     TITLE = {Optimal dynamic treatment regimes},
   JOURNAL = {J. R. Stat. Soc. Ser. B Stat. Methodol.},
  FJOURNAL = {Journal of the Royal Statistical Society. Series B.
              Statistical Methodology},
    VOLUME = {65},
      YEAR = {2003},
    NUMBER = {2},
     PAGES = {331--366},
      ISSN = {1369-7412},
       DOI = {10.1111/1467-9868.00389}
}

@article {Huang1998,
    AUTHOR = {Huang, Jianhua Z.},
     TITLE = {Projection estimation in multiple regression with application
              to functional {ANOVA} models},
   JOURNAL = {Ann. Statist.},
  FJOURNAL = {The Annals of Statistics},
    VOLUME = {26},
      YEAR = {1998},
    NUMBER = {1},
     PAGES = {242--272},
      ISSN = {0090-5364},
       DOI = {10.1214/aos/1030563984},
}

@inproceedings{robins2004,
  title={Optimal structural nested models for optimal sequential decisions},
  author={Robins, James M},
  booktitle={Proceedings of the second seattle Symposium in Biostatistics},
  pages={189--326},
  year={2004},
  organization={Springer}
}

@article {Zhang2013,
    AUTHOR = {Zhang, Baqun and Tsiatis, Anastasios A. and Laber, Eric B. and
              Davidian, Marie},
     TITLE = {Robust estimation of optimal dynamic treatment regimes for
              sequential treatment decisions},
   JOURNAL = {Biometrika},
  FJOURNAL = {Biometrika},
    VOLUME = {100},
      YEAR = {2013},
    NUMBER = {3},
     PAGES = {681--694}
}

@article{ertefaie2014,
  title={Constructing dynamic treatment regimes in infinite-horizon settings},
  author={Ertefaie, Ashkan},
  journal={arXiv preprint arXiv:1406.0764},
  year={2014}
}

@article{luckett2019,
  title={Estimating dynamic treatment regimes in mobile health using V-learning},
  year={2019},
  author={Luckett, Daniel J and Laber, Eric B and Kahkoska, Anna R and Maahs, David M and Mayer-Davis, Elizabeth and Kosorok, Michael R},
  journal={Journal of the American Statistical Association},
  volume={accepted},
  publisher={Taylor \& Francis}
}

@article {Chen2015,
    AUTHOR = {Chen, Xiaohong and Christensen, Timothy M.},
     TITLE = {Optimal uniform convergence rates and asymptotic normality for
              series estimators under weak dependence and weak conditions},
   JOURNAL = {J. Econometrics},
  FJOURNAL = {Journal of Econometrics},
    VOLUME = {188},
      YEAR = {2015},
    NUMBER = {2},
     PAGES = {447--465},
      ISSN = {0304-4076},
       DOI = {10.1016/j.jeconom.2015.03.010},
}
